<record><leader>00000cas a22000007a 4500</leader><controlfield tag="001">15022812</controlfield><controlfield tag="008">861230d18591871pauwr ne      0    0eng d</controlfield><datafield ind1=" " ind2=" " tag="010"><subfield code="a">sn 87078199 </subfield></datafield><datafield ind1=" " ind2=" " tag="040"><subfield code="a">NPH</subfield><subfield code="b">eng</subfield><subfield code="c">NPH</subfield><subfield code="d">NJW</subfield><subfield code="d">NPH</subfield><subfield code="d">OCLCQ</subfield></datafield><datafield ind1=" " ind2=" " tag="042"><subfield code="a">msc</subfield></datafield><datafield ind1="0" ind2=" " tag="130"><subfield code="a">Easton free press (Easton, Pa. : 1859)</subfield></datafield><datafield ind1="1" ind2="0" tag="245"><subfield code="a">Easton free press.</subfield></datafield><datafield ind1="3" ind2="0" tag="246"><subfield code="a">Free press</subfield></datafield><datafield ind1=" " ind2=" " tag="260"><subfield code="a">Easton, Pa. :</subfield><subfield code="b">Lewis Gordon,</subfield><subfield code="c">1859-1871.</subfield></datafield><datafield ind1=" " ind2=" " tag="300"><subfield code="a">10 v.</subfield></datafield><datafield ind1=" " ind2=" " tag="310"><subfield code="a">Weekly</subfield></datafield><datafield ind1="0" ind2=" " tag="362"><subfield code="a">Vol. 6, whole no. 290 (June 2, 1859)-v. 16, no. 46 (July 13, 1871).</subfield></datafield><datafield ind1=" " ind2=" " tag="530"><subfield code="a">Also issued on microfilm as part of the Civil War newspapers collection.</subfield></datafield><datafield ind1=" " ind2=" " tag="752"><subfield code="a">United States</subfield><subfield code="b">Pennsylvania</subfield><subfield code="c">Northampton</subfield><subfield code="d">Easton.</subfield></datafield><datafield ind1="0" ind2=" " tag="775"><subfield code="t">Easton daily free press (Easton, Pa. : 1866)</subfield><subfield code="w">(DLC)sn 83032034</subfield></datafield><datafield ind1="0" ind2=" " tag="775"><subfield code="t">Evening free press (Easton, Pa.)</subfield><subfield code="w">(DLC)sn 88079117</subfield></datafield><datafield ind1="0" ind2="0" tag="780"><subfield code="t">American free press</subfield><subfield code="w">(DLC)sn 87078197</subfield></datafield><datafield ind1="0" ind2="0" tag="785"><subfield code="t">Weekly free press (Easton, Pa. : 1871)</subfield><subfield code="w">(DLC)sn 83032035</subfield></datafield></record>